@article{杨阳2007声纹识别技术及其应用,
  title={声纹识别技术及其应用},
  author={杨阳 and 陈永明},
  journal={電聲技術},
  volume={31},
  number={2},
  pages={45--46},
  year={2007},
  publisher={北京電視電聲雜誌社}
}
@article{王华朋2008声纹识别特征,
  title={声纹识别特征 MFCC 的提取方法研究},
  author={王华朋 and 杨洪臣},
  journal={中国人民公安大学学报: 自然科学版},
  volume={14},
  number={1},
  pages={28r30},
  year={2008}
}
@article{王英利2012声纹鉴定技术综述,
  title={声纹鉴定技术综述},
  author={王英利 and 李敬阳 and 曹洪林},
  journal={警察技术},
  volume={4},
  number={5},
  pages={4--56},
  year={2012}
}